<?xml version="1.0" encoding="UTF-8"?><collection xmlns="http://www.loc.gov/MARC21/slim"><record><leader>00441nam--2200169-i-4500</leader><controlfield tag="001">000028129</controlfield><controlfield tag="002">20161230</controlfield><controlfield tag="005">20161230201037</controlfield><controlfield tag="008">060222s1000------------r-----000-0-eng-d</controlfield><datafield ind1=" " ind2=" " tag="040"><subfield code="a">IFIN-HH</subfield></datafield><datafield ind1=" " ind2=" " tag="080"><subfield code="a">539.12.01:533.95</subfield></datafield><datafield ind1="1" ind2=" " tag="100"><subfield code="a">Lehnert, Bo</subfield></datafield><datafield ind1="1" ind2="0" tag="245"><subfield code="a">Dynamics of charged particles</subfield><subfield code="c">Bo lehnert</subfield></datafield><datafield ind1=" " ind2=" " tag="260"><subfield code="a">Amsterdam, North-holland Publ.Co., 1964,</subfield></datafield><datafield ind1=" " ind2=" " tag="300"><subfield code="a">X + 300P</subfield></datafield><datafield ind1=" " ind2=" " tag="852"><subfield code="a">19796</subfield><subfield code="c">533.9</subfield></datafield><datafield ind1=" " ind2=" " tag="CAT"><subfield code="a">Sys</subfield><subfield code="c">20100922</subfield><subfield code="h">093631</subfield></datafield></record></collection>